@misc{netfilter,
  howpublished="\url{http://www.shorewall.net/images/Netfilter.png}"
}
@misc{http_upstream,
  howpublished="\url{http://nginx.org/en/docs/http/ngx_http_upstream_module.html}"
}
@misc{http_fastcgi,
  howpublished="\url{http://nginx.org/en/docs/http/ngx_http_fastcgi_module.html}"
}
@misc{ab_dnsrr,
  howpublished="\url{https://bz.apache.org/bugzilla/show_bug.cgi?id=57616}"
}
		
